@article{Guinoiseau2022,
  author = {D. Guinoiseau and S.P. Singh and S.J.G. Galer and W. Abouchami and R. Bhattacharyya and K. Kandler and C. Bristow and M.O. Andreae},
  title = {Characterization of Saharan and Sahelian dust sources based on geochemical and radiogenic isotope signatures},
  journal = {Quaternary Science Reviews},
  volume = {293},
  year = {2022},
  pages = {107729},
  doi = {10.1016/j.quascirev.2022.107729},
  url = {https://www.sciencedirect.com/science/article/pii/S0277379122003602},
  abstract = {Mineral dust can significantly impact climate and biogeochemical cycles on Earth...}
}